<record><leader>00000cas a22000007a 4500</leader><controlfield tag="001">17735894</controlfield><controlfield tag="008">880405d19051908ohusn ne      0    0eng d</controlfield><datafield ind1=" " ind2=" " tag="010"><subfield code="a">sn 88078399 </subfield></datafield><datafield ind1=" " ind2=" " tag="040"><subfield code="a">ONP</subfield><subfield code="b">eng</subfield><subfield code="c">ONP</subfield><subfield code="d">OCLCQ</subfield></datafield><datafield ind1=" " ind2=" " tag="042"><subfield code="a">msc</subfield></datafield><datafield ind1="0" ind2=" " tag="130"><subfield code="a">Advance (Hiram, Ohio : 1905)</subfield></datafield><datafield ind1="1" ind2="4" tag="245"><subfield code="a">The Advance.</subfield></datafield><datafield ind1="3" ind2="0" tag="246"><subfield code="a">Hiram advance</subfield></datafield><datafield ind1=" " ind2=" " tag="260"><subfield code="a">Hiram, Ohio :</subfield><subfield code="b">Literary Societies of Hiram College,</subfield><subfield code="c">1905-1908.</subfield></datafield><datafield ind1=" " ind2=" " tag="310"><subfield code="a">Semimonthly (during the school year),</subfield><subfield code="b">1907-June 24, 1908</subfield></datafield><datafield ind1=" " ind2=" " tag="321"><subfield code="a">Monthly (during the school year),</subfield><subfield code="b">Nov. 1905-1907</subfield></datafield><datafield ind1="0" ind2=" " tag="362"><subfield code="a">Vol. 16, no. 1 (Nov. 1905)-v. 18, no. 10 (June 24, 1908).</subfield></datafield><datafield ind1=" " ind2=" " tag="500"><subfield code="a">Published for the students of Hiram College.</subfield></datafield><datafield ind1=" " ind2=" " tag="752"><subfield code="a">United States</subfield><subfield code="b">Ohio</subfield><subfield code="c">Portage</subfield><subfield code="d">Hiram.</subfield></datafield><datafield ind1="0" ind2="0" tag="780"><subfield code="t">Hiram College advance (Hiram, Ohio : 1890)</subfield><subfield code="w">(DLC)sn 88078398</subfield></datafield><datafield ind1="0" ind2="0" tag="785"><subfield code="t">Hiram College advance (Hiram, Ohio : 1908)</subfield><subfield code="w">(DLC)sn 88078400</subfield></datafield></record>